@article{Karloff.2010,
	title={A Model of Computation for MapReduce},
	author={Karloff, Howard and Suri, Siddharth and Vassilvitskii, Sergei},
	journal={SODA '10 Proceedings of the twenty-first annual ACM-SIAM symposium on Discrete Algorithms},
	year={2010},
	pages={938 - 948},
	isbn={9780898716986}
}

@book{Wartala.2012,
	title={Hadoop: Zuverl{\"a}ssige, verteilte und skalierbare Big-Data-Anwendungen},
	author={Wartala, Ramon},
	isbn={9783941841611},
	series={Professional reference},
	year={2012},
	publisher={Open Source Press}
}

@Online{jobs.1997,
	title={Cloud Computing Quotes},
	author={Steve Jobs},
	year={1997},
	url={https://www.cloudninerealtime.com/cloud-computing-quotes/},
	urldate={2017-06-30}
}

@Online{statistia.2015,
	title={Umsatz mit Cloud Computing im B2B-Bereich in Deutschland von 2011 bis 2015 und Prognose f√ºr 2016 (in Milliarden Euro)},
	author={Statista - Das Statistik-Portal},
	year ={2015},
	url={https://de.statista.com/statistik/daten/studie/165388/umfrage/prognose-zum-umsatz-mit-cloud-computing/},
	urldate={2017-06-30}
}